<record><leader>00000cas a22000007a 4500</leader><controlfield tag="001">12688648</controlfield><controlfield tag="008">851018c19829999wvuwr ne      0    0eng d</controlfield><datafield ind1=" " ind2=" " tag="010"><subfield code="a">sn 85059556 </subfield></datafield><datafield ind1=" " ind2=" " tag="040"><subfield code="a">WVC</subfield><subfield code="b">eng</subfield><subfield code="c">WVC</subfield><subfield code="d">OCL</subfield><subfield code="d">OCLCQ</subfield></datafield><datafield ind1=" " ind2=" " tag="042"><subfield code="a">msc</subfield></datafield><datafield ind1="0" ind2="4" tag="245"><subfield code="a">The Braxton democrat-central.</subfield></datafield><datafield ind1=" " ind2=" " tag="260"><subfield code="a">Sutton, W. Va. :</subfield><subfield code="b">Braxton Democrat-Central, Inc.,</subfield><subfield code="c">1982-</subfield></datafield><datafield ind1=" " ind2=" " tag="300"><subfield code="a">v.</subfield></datafield><datafield ind1=" " ind2=" " tag="310"><subfield code="a">Weekly</subfield></datafield><datafield ind1="0" ind2=" " tag="362"><subfield code="a">Vol. 99, no. 25 (Oct. 8, 1982)-</subfield></datafield><datafield ind1=" " ind2=" " tag="500"><subfield code="a">"Official organ of the Democratic Party in Braxton County."</subfield></datafield><datafield ind1=" " ind2=" " tag="500"><subfield code="a">Editor: Robert Pullen.</subfield></datafield><datafield ind1=" " ind2=" " tag="515"><subfield code="a">Continues the numbering of: Braxton democrat.</subfield></datafield><datafield ind1=" " ind2=" " tag="580"><subfield code="a">Formed by the union of: Braxton central, and: Braxton democrat.</subfield></datafield><datafield ind1=" " ind2=" " tag="752"><subfield code="a">United States</subfield><subfield code="b">West Virginia</subfield><subfield code="c">Braxton</subfield><subfield code="d">Sutton.</subfield></datafield><datafield ind1="1" ind2="4" tag="780"><subfield code="t">Braxton central</subfield><subfield code="w">(DLC)sn 85059555</subfield></datafield><datafield ind1="1" ind2="4" tag="780"><subfield code="t">Braxton democrat</subfield><subfield code="w">(DLC)sn 85059554</subfield></datafield></record>